<?xml version="1.0" encoding="UTF-8"?><collection xmlns="http://www.loc.gov/MARC21/slim"><record><leader>00417nam--2200157-i-4500</leader><controlfield tag="001">000020517</controlfield><controlfield tag="002">20161230</controlfield><controlfield tag="005">20161230201033</controlfield><controlfield tag="008">060222s1000------------r-----000-0-eng-d</controlfield><datafield ind1=" " ind2=" " tag="020"><subfield code="a">3-540-56</subfield></datafield><datafield ind1=" " ind2=" " tag="080"><subfield code="a">543.42:621.375.826</subfield></datafield><datafield ind1=" " ind2=" " tag="245"><subfield code="a">Laser picosecond spectroscopy and photochemistry of biomolecules</subfield></datafield><datafield ind1=" " ind2=" " tag="260"><subfield code="a">Bristol, J.W.Arrowsmith Ltd., 1987 309 P</subfield></datafield><datafield ind1=" " ind2=" " tag="490"><subfield code="a">55</subfield></datafield><datafield ind1=" " ind2=" " tag="700"><subfield code="a">V.S.Letokhov</subfield></datafield><datafield ind1=" " ind2=" " tag="852"><subfield code="a">80416</subfield></datafield></record></collection>